@book{prob,
  title={测度论与概率论基础},
  author={程士宏},
  publisher={测度论与概率论基础},
  year={2004},
}